
@misc{forum,
  author = {UFMGVirtual},
  title = {Forum do Moodle},
  howpublished = {\url{https://virtual.ufmg.br/20151/mod/forum/discuss.php?d=13081}}
}